@book{kim17,
    author    = "Kim Sang-Hoon",
    title     = "Electric Motor Control",
    year      = "2017",
    publisher = "Elsevier",
    address   = "Amsterdam, Netherlands"
}